<?xml version="1.0" encoding="UTF-8"?><collection xmlns="http://www.loc.gov/MARC21/slim"><record><leader>00469nam--2200157-i-4500</leader><controlfield tag="001">000038145</controlfield><controlfield tag="002">20161230</controlfield><controlfield tag="005">20161230201041</controlfield><controlfield tag="008">060222s1000------------r-----000-0-eng-d</controlfield><datafield ind1=" " ind2=" " tag="040"><subfield code="a">IFIN-HH</subfield></datafield><datafield ind1=" " ind2=" " tag="080"><subfield code="a">517.957</subfield></datafield><datafield ind1=" " ind2=" " tag="100"><subfield code="a">Reichl, L.E</subfield></datafield><datafield ind1=" " ind2=" " tag="245"><subfield code="a">The transition to chaos. in conservative classical systems: quantum manifestations. with 183 illustrations</subfield></datafield><datafield ind1=" " ind2=" " tag="260"><subfield code="a">NEW YORK, SPRINGER-VERLAG, 1992, 551p</subfield></datafield><datafield ind1=" " ind2=" " tag="852"><subfield code="a">80397</subfield><subfield code="c">517.9</subfield></datafield><datafield ind1=" " ind2=" " tag="CAT"><subfield code="a">Sys</subfield><subfield code="c">20090609</subfield><subfield code="h">112247</subfield></datafield></record></collection>